@book{sacks2015elementary,
  title={Elementary Financial Derivatives: A Guide to Trading and Valuation with Applications},
  author={Sacks, J.},
  isbn={9781119077138},
  lccn={2015034721},
  url={https://books.google.cl/books?id=gLXYCgAAQBAJ},
  year={2015},
  publisher={Wiley}
}

@book{kwok2008mathematical,
  title={Mathematical Models of Financial Derivatives},
  author={Kwok, Y.K.},
  isbn={9783540686880},
  lccn={2008924369},
  series={Springer Finance},
  url={https://books.google.cl/books?id=2sGwSAfA8eAC},
  year={2008},
  publisher={Springer Berlin Heidelberg}
}

@book{science2010network,
  title={Network Routing: Algorithms, Protocols, and Architectures},
  author={Science, E.},
  isbn={9780080474977},
  series={The Morgan Kaufmann Series in Networking},
  url={https://books.google.cl/books?id=IM-Y2W0RIF0C},
  year={2010},
  publisher={Elsevier Science}
}

@book{kenyon2002high,
  title={High-performance Data Network Design: Design Techniques and Tools},
  author={Kenyon, T.},
  isbn={9781555582074},
  lccn={2001058100},
  series={IDC Technology},
  url={https://books.google.cl/books?id=t-v4QceXEugC},
  year={2002},
  publisher={Digital Press}
}